@incollection{mironov2009computational,
  title={Computational differential privacy},
  author={Mironov, Ilya and Pandey, Omkant and Reingold, Omer and Vadhan, Salil},
  booktitle={Advances in Cryptology-CRYPTO 2009},
  pages={126--142},
  year={2009},
  publisher={Springer}
}

@inproceedings{murtagh2016complexity,
  title={The complexity of computing the optimal composition of differential privacy},
  author={Murtagh, Jack and Vadhan, Salil},
  booktitle={Theory of Cryptography Conference},
  pages={157--175},
  year={2016},
  organization={Springer}
}
@inproceedings{dwork2010boosting,
  title={Boosting and differential privacy},
  author={Dwork, Cynthia and Rothblum, Guy N and Vadhan, Salil},
  booktitle={Foundations of Computer Science (FOCS), 2010 51st Annual IEEE Symposium on},
  pages={51--60},
  year={2010},
  organization={IEEE}
}

@article{dwork2014algorithmic,
  title={The algorithmic foundations of differential privacy},
  author={Dwork, Cynthia and Roth, Aaron and others},
  journal={Foundations and Trends in Theoretical Computer Science},
  volume={9},
  number={3--4},
  pages={211--407},
  year={2014},
  publisher={Now Publishers, Inc.}
}

@misc{mcsherryblog1,
  author        = {McSherry, Frank and Klucar, Jim},
  title         = {Lunchtime for Data Privacy},
  howpublished  = {Blog, available under \url{https://github.com/frankmcsherry/blog/blob/master/posts/2016-08-16.md}},
  year          = {2016},
}

@misc{mcsherryblog2,
  author        = {McSherry, Frank and Klucar, Jim},
  title         = {How many secrets do you have?},
  howpublished  = {Blog, available under \url{https://github.com/frankmcsherry/blog/blob/master/posts/2017-02-08.md}},
  year          = {2017},
}

@inproceedings{bun2016concentrated,
  title={Concentrated differential privacy: Simplifications, extensions, and lower bounds},
  author={Bun, Mark and Steinke, Thomas},
  booktitle={Theory of Cryptography Conference},
  pages={635--658},
  year={2016},
  organization={Springer}
}


